@manual{KotlinSpec,
  author       = {Marat Akhin, Mikhail Belyaev et al.},
  note         = {\url{https://kotlinlang.org/spec/introduction.html}},
  organization = {JetBrains / JetBrains Research},
  title        = {Kotlin language specification: Kotlin/Core},
  year         = {2020},
}

@misc{KotlinPast,
  author = {JetBrains},
  howpublished = {\url{https://kotlinlang.org/lp/10yearsofkotlin/past/}},
  title = {10 Years of Kotlin - Past},
  year = {2020},
  urldate = {2024-11-08},
}

@misc{JavaRoadmap,
  author = {Oracle},
  howpublished = {\url{https://www.oracle.com/java/technologies/java-se-support-roadmap.html}},
  title = {Oracle Java SE Support Roadmap},
  urldate = {2024-11-09},
}